%YAML 1.1
%TAG !u! tag:unity3d.com,2011:
--- !u!1 &1922441492356136649
GameObject:
  m_ObjectHideFlags: 0
  m_CorrespondingSourceObject: {fileID: 0}
  m_PrefabInstance: {fileID: 0}
  m_PrefabAsset: {fileID: 0}
  serializedVersion: 6
  m_Component:
  - component: {fileID: 1922441492356136646}
  m_Layer: 9
  m_Name: tarPos
  m_TagString: Untagged
  m_Icon: {fileID: 5132851093641282708, guid: 0000000000000000d000000000000000, type: 0}
  m_NavMeshLayer: 0
  m_StaticEditorFlags: 0
  m_IsActive: 1
--- !u!4 &1922441492356136646
Transform:
  m_ObjectHideFlags: 0
  m_CorrespondingSourceObject: {fileID: 0}
  m_PrefabInstance: {fileID: 0}
  m_PrefabAsset: {fileID: 0}
  m_GameObject: {fileID: 1922441492356136649}
  m_LocalRotation: {x: -0, y: -0, z: -0, w: 1}
  m_LocalPosition: {x: 0, y: 11.23, z: 0}
  m_LocalScale: {x: 1, y: 1, z: 1}
  m_Children: []
  m_Father: {fileID: 1922441492830778621}
  m_RootOrder: 1
  m_LocalEulerAnglesHint: {x: 0, y: 0, z: 0}
--- !u!1 &1922441492673440184
GameObject:
  m_ObjectHideFlags: 0
  m_CorrespondingSourceObject: {fileID: 0}
  m_PrefabInstance: {fileID: 0}
  m_PrefabAsset: {fileID: 0}
  serializedVersion: 6
  m_Component:
  - component: {fileID: 1922441492673440181}
  - component: {fileID: 1922441492673440180}
  - component: {fileID: 1922441492673440183}
  - component: {fileID: 1922441492673440182}
  - component: {fileID: 1922441492673440185}
  m_Layer: 9
  m_Name: Mesh
  m_TagString: Untagged
  m_Icon: {fileID: 0}
  m_NavMeshLayer: 0
  m_StaticEditorFlags: 0
  m_IsActive: 1
--- !u!4 &1922441492673440181
Transform:
  m_ObjectHideFlags: 0
  m_CorrespondingSourceObject: {fileID: 0}
  m_PrefabInstance: {fileID: 0}
  m_PrefabAsset: {fileID: 0}
  m_GameObject: {fileID: 1922441492673440184}
  m_LocalRotation: {x: -0, y: -0, z: -0, w: 1}
  m_LocalPosition: {x: 0, y: 0, z: 0}
  m_LocalScale: {x: 1, y: 1, z: 1}
  m_Children:
  - {fileID: 191445305619271347}
  - {fileID: 4601375806225487058}
  m_Father: {fileID: 1922441492830778621}
  m_RootOrder: 0
  m_LocalEulerAnglesHint: {x: 0, y: 0, z: 0}
--- !u!33 &1922441492673440180
MeshFilter:
  m_ObjectHideFlags: 0
  m_CorrespondingSourceObject: {fileID: 0}
  m_PrefabInstance: {fileID: 0}
  m_PrefabAsset: {fileID: 0}
  m_GameObject: {fileID: 1922441492673440184}
  m_Mesh: {fileID: 10202, guid: 0000000000000000e000000000000000, type: 0}
--- !u!23 &1922441492673440183
MeshRenderer:
  m_ObjectHideFlags: 0
  m_CorrespondingSourceObject: {fileID: 0}
  m_PrefabInstance: {fileID: 0}
  m_PrefabAsset: {fileID: 0}
  m_GameObject: {fileID: 1922441492673440184}
  m_Enabled: 1
  m_CastShadows: 1
  m_ReceiveShadows: 1
  m_DynamicOccludee: 1
  m_MotionVectors: 1
  m_LightProbeUsage: 1
  m_ReflectionProbeUsage: 1
  m_RayTracingMode: 2
  m_RayTraceProcedural: 0
  m_RenderingLayerMask: 1
  m_RendererPriority: 0
  m_Materials:
  - {fileID: 2100000, guid: 31321ba15b8f8eb4c954353edc038b1d, type: 2}
  m_StaticBatchInfo:
    firstSubMesh: 0
    subMeshCount: 0
  m_StaticBatchRoot: {fileID: 0}
  m_ProbeAnchor: {fileID: 0}
  m_LightProbeVolumeOverride: {fileID: 0}
  m_ScaleInLightmap: 1
  m_ReceiveGI: 1
  m_PreserveUVs: 0
  m_IgnoreNormalsForChartDetection: 0
  m_ImportantGI: 0
  m_StitchLightmapSeams: 1
  m_SelectedEditorRenderState: 3
  m_MinimumChartSize: 4
  m_AutoUVMaxDistance: 0.5
  m_AutoUVMaxAngle: 89
  m_LightmapParameters: {fileID: 0}
  m_SortingLayerID: 0
  m_SortingLayer: 0
  m_SortingOrder: 0
  m_AdditionalVertexStreams: {fileID: 0}
--- !u!65 &1922441492673440182
BoxCollider:
  m_ObjectHideFlags: 0
  m_CorrespondingSourceObject: {fileID: 0}
  m_PrefabInstance: {fileID: 0}
  m_PrefabAsset: {fileID: 0}
  m_GameObject: {fileID: 1922441492673440184}
  m_Material: {fileID: 0}
  m_IsTrigger: 0
  m_Enabled: 1
  serializedVersion: 2
  m_Size: {x: 1, y: 1, z: 1}
  m_Center: {x: 0, y: 0, z: 0}
--- !u!114 &1922441492673440185
MonoBehaviour:
  m_ObjectHideFlags: 0
  m_CorrespondingSourceObject: {fileID: 0}
  m_PrefabInstance: {fileID: 0}
  m_PrefabAsset: {fileID: 0}
  m_GameObject: {fileID: 1922441492673440184}
  m_Enabled: 1
  m_EditorHideFlags: 0
  m_Script: {fileID: 11500000, guid: db33a1e82b54f1341812f56893276c70, type: 3}
  m_Name: 
  m_EditorClassIdentifier: 
  isStepUpMove: 0
  targets:
  - {fileID: 1922441492356136649}
  speed: 5
  stopTime: 5
  isActivated: 1
--- !u!1 &1922441492830778620
GameObject:
  m_ObjectHideFlags: 0
  m_CorrespondingSourceObject: {fileID: 0}
  m_PrefabInstance: {fileID: 0}
  m_PrefabAsset: {fileID: 0}
  serializedVersion: 6
  m_Component:
  - component: {fileID: 1922441492830778621}
  m_Layer: 0
  m_Name: Wanneng
  m_TagString: Untagged
  m_Icon: {fileID: 0}
  m_NavMeshLayer: 0
  m_StaticEditorFlags: 0
  m_IsActive: 1
--- !u!4 &1922441492830778621
Transform:
  m_ObjectHideFlags: 0
  m_CorrespondingSourceObject: {fileID: 0}
  m_PrefabInstance: {fileID: 0}
  m_PrefabAsset: {fileID: 0}
  m_GameObject: {fileID: 1922441492830778620}
  m_LocalRotation: {x: -0, y: -0, z: -0, w: 1}
  m_LocalPosition: {x: 2.880001, y: -2.5, z: -12}
  m_LocalScale: {x: 1.4907454, y: 0.2831969, z: 1.4907454}
  m_Children:
  - {fileID: 1922441492673440181}
  - {fileID: 1922441492356136646}
  m_Father: {fileID: 0}
  m_RootOrder: 0
  m_LocalEulerAnglesHint: {x: 0, y: 0, z: 0}
--- !u!1001 &7573295438410426416
PrefabInstance:
  m_ObjectHideFlags: 0
  serializedVersion: 2
  m_Modification:
    m_TransformParent: {fileID: 1922441492673440181}
    m_Modifications:
    - target: {fileID: 6251734025727098082, guid: 9c37b4d5cf9699e4296c784593bc42a1, type: 3}
      propertyPath: m_RootOrder
      value: 1
      objectReference: {fileID: 0}
    - target: {fileID: 6251734025727098082, guid: 9c37b4d5cf9699e4296c784593bc42a1, type: 3}
      propertyPath: m_LocalScale.x
      value: 1
      objectReference: {fileID: 0}
    - target: {fileID: 6251734025727098082, guid: 9c37b4d5cf9699e4296c784593bc42a1, type: 3}
      propertyPath: m_LocalScale.y
      value: 1
      objectReference: {fileID: 0}
    - target: {fileID: 6251734025727098082, guid: 9c37b4d5cf9699e4296c784593bc42a1, type: 3}
      propertyPath: m_LocalScale.z
      value: 1
      objectReference: {fileID: 0}
    - target: {fileID: 6251734025727098082, guid: 9c37b4d5cf9699e4296c784593bc42a1, type: 3}
      propertyPath: m_LocalPosition.x
      value: -0
      objectReference: {fileID: 0}
    - target: {fileID: 6251734025727098082, guid: 9c37b4d5cf9699e4296c784593bc42a1, type: 3}
      propertyPath: m_LocalPosition.y
      value: 1.5
      objectReference: {fileID: 0}
    - target: {fileID: 6251734025727098082, guid: 9c37b4d5cf9699e4296c784593bc42a1, type: 3}
      propertyPath: m_LocalPosition.z
      value: -0.42
      objectReference: {fileID: 0}
    - target: {fileID: 6251734025727098082, guid: 9c37b4d5cf9699e4296c784593bc42a1, type: 3}
      propertyPath: m_LocalRotation.w
      value: 1
      objectReference: {fileID: 0}
    - target: {fileID: 6251734025727098082, guid: 9c37b4d5cf9699e4296c784593bc42a1, type: 3}
      propertyPath: m_LocalRotation.x
      value: 0
      objectReference: {fileID: 0}
    - target: {fileID: 6251734025727098082, guid: 9c37b4d5cf9699e4296c784593bc42a1, type: 3}
      propertyPath: m_LocalRotation.y
      value: 0
      objectReference: {fileID: 0}
    - target: {fileID: 6251734025727098082, guid: 9c37b4d5cf9699e4296c784593bc42a1, type: 3}
      propertyPath: m_LocalRotation.z
      value: 0
      objectReference: {fileID: 0}
    - target: {fileID: 6251734025727098082, guid: 9c37b4d5cf9699e4296c784593bc42a1, type: 3}
      propertyPath: m_LocalEulerAnglesHint.x
      value: 0
      objectReference: {fileID: 0}
    - target: {fileID: 6251734025727098082, guid: 9c37b4d5cf9699e4296c784593bc42a1, type: 3}
      propertyPath: m_LocalEulerAnglesHint.y
      value: 0
      objectReference: {fileID: 0}
    - target: {fileID: 6251734025727098082, guid: 9c37b4d5cf9699e4296c784593bc42a1, type: 3}
      propertyPath: m_LocalEulerAnglesHint.z
      value: 0
      objectReference: {fileID: 0}
    - target: {fileID: 6251734025727098085, guid: 9c37b4d5cf9699e4296c784593bc42a1, type: 3}
      propertyPath: m_Name
      value: FireBreath
      objectReference: {fileID: 0}
    - target: {fileID: 6251734026791711786, guid: 9c37b4d5cf9699e4296c784593bc42a1, type: 3}
      propertyPath: m_IsActive
      value: 0
      objectReference: {fileID: 0}
    m_RemovedComponents: []
  m_SourcePrefab: {fileID: 100100000, guid: 9c37b4d5cf9699e4296c784593bc42a1, type: 3}
--- !u!4 &4601375806225487058 stripped
Transform:
  m_CorrespondingSourceObject: {fileID: 6251734025727098082, guid: 9c37b4d5cf9699e4296c784593bc42a1, type: 3}
  m_PrefabInstance: {fileID: 7573295438410426416}
  m_PrefabAsset: {fileID: 0}
--- !u!1001 &7573295438831145193
PrefabInstance:
  m_ObjectHideFlags: 0
  serializedVersion: 2
  m_Modification:
    m_TransformParent: {fileID: 1922441492673440181}
    m_Modifications:
    - target: {fileID: 7760236993623596634, guid: d85cb07c021bdb345a7be08ccbeaae06, type: 3}
      propertyPath: m_RootOrder
      value: 0
      objectReference: {fileID: 0}
    - target: {fileID: 7760236993623596634, guid: d85cb07c021bdb345a7be08ccbeaae06, type: 3}
      propertyPath: m_LocalScale.x
      value: 0.2767055
      objectReference: {fileID: 0}
    - target: {fileID: 7760236993623596634, guid: d85cb07c021bdb345a7be08ccbeaae06, type: 3}
      propertyPath: m_LocalScale.y
      value: 2.3005543
      objectReference: {fileID: 0}
    - target: {fileID: 7760236993623596634, guid: d85cb07c021bdb345a7be08ccbeaae06, type: 3}
      propertyPath: m_LocalScale.z
      value: 0.2767055
      objectReference: {fileID: 0}
    - target: {fileID: 7760236993623596634, guid: d85cb07c021bdb345a7be08ccbeaae06, type: 3}
      propertyPath: m_LocalPosition.x
      value: 5.3597875
      objectReference: {fileID: 0}
    - target: {fileID: 7760236993623596634, guid: d85cb07c021bdb345a7be08ccbeaae06, type: 3}
      propertyPath: m_LocalPosition.y
      value: -2.8066766
      objectReference: {fileID: 0}
    - target: {fileID: 7760236993623596634, guid: d85cb07c021bdb345a7be08ccbeaae06, type: 3}
      propertyPath: m_LocalPosition.z
      value: 13.182254
      objectReference: {fileID: 0}
    - target: {fileID: 7760236993623596634, guid: d85cb07c021bdb345a7be08ccbeaae06, type: 3}
      propertyPath: m_LocalRotation.w
      value: 1
      objectReference: {fileID: 0}
    - target: {fileID: 7760236993623596634, guid: d85cb07c021bdb345a7be08ccbeaae06, type: 3}
      propertyPath: m_LocalRotation.x
      value: -0
      objectReference: {fileID: 0}
    - target: {fileID: 7760236993623596634, guid: d85cb07c021bdb345a7be08ccbeaae06, type: 3}
      propertyPath: m_LocalRotation.y
      value: -0
      objectReference: {fileID: 0}
    - target: {fileID: 7760236993623596634, guid: d85cb07c021bdb345a7be08ccbeaae06, type: 3}
      propertyPath: m_LocalRotation.z
      value: -0
      objectReference: {fileID: 0}
    - target: {fileID: 7760236993623596634, guid: d85cb07c021bdb345a7be08ccbeaae06, type: 3}
      propertyPath: m_LocalEulerAnglesHint.x
      value: 0
      objectReference: {fileID: 0}
    - target: {fileID: 7760236993623596634, guid: d85cb07c021bdb345a7be08ccbeaae06, type: 3}
      propertyPath: m_LocalEulerAnglesHint.y
      value: 0
      objectReference: {fileID: 0}
    - target: {fileID: 7760236993623596634, guid: d85cb07c021bdb345a7be08ccbeaae06, type: 3}
      propertyPath: m_LocalEulerAnglesHint.z
      value: 0
      objectReference: {fileID: 0}
    - target: {fileID: 7760236993623596635, guid: d85cb07c021bdb345a7be08ccbeaae06, type: 3}
      propertyPath: m_Name
      value: Stabber
      objectReference: {fileID: 0}
    m_RemovedComponents: []
  m_SourcePrefab: {fileID: 100100000, guid: d85cb07c021bdb345a7be08ccbeaae06, type: 3}
--- !u!4 &191445305619271347 stripped
Transform:
  m_CorrespondingSourceObject: {fileID: 7760236993623596634, guid: d85cb07c021bdb345a7be08ccbeaae06, type: 3}
  m_PrefabInstance: {fileID: 7573295438831145193}
  m_PrefabAsset: {fileID: 0}
